@article{otsu1979threshold,
  title={A threshold selection method from gray-level histograms},
  author={Otsu, Nobuyuki},
  journal={IEEE Transactions on Systems, Man, and Cybernetics},
  volume={9},
  number={1},
  pages={62--66},
  year={1979},
  publisher={IEEE}
}

@article{lowe2004distinctive,
  title={Distinctive image features from scale-invariant keypoints},
  author={Lowe, David G.},
  journal={International journal of computer vision},
  volume={60},
  number={2},
  pages={91--110},
  year={2004},
  publisher={Springer}
}

@article{alcantarilla2012fast,
  title={Fast explicit diffusion for accelerated features in nonlinear scale spaces},
  author={Alcantarilla, Pablo F. and Bartoli, Adrien and Davison, Andrew J.},
  journal={IEEE Transactions on Pattern Analysis and Machine Intelligence},
  volume={34},
  number={7},
  pages={1281--1298},
  year={2012},
  publisher={IEEE}
}

@article{rublee2011orb,
  title={ORB: an efficient alternative to SIFT or SURF},
  author={Rublee, Ethan and Rabaud, Vincent and Konolige, Kurt and Bradski, Gary},
  journal={International Conference on Computer Vision (ICCV)},
  pages={2564--2571},
  year={2011},
  organization={IEEE}
}

@inproceedings{leutenegger2011brisk,
  title={BRISK: Binary robust invariant scalable keypoints},
  author={Leutenegger, Stefan and Chli, Margarita and Siegwart, Roland Y.},
  booktitle={Proceedings of the IEEE International Conference on Computer Vision (ICCV)},
  pages={2548--2555},
  year={2011},
  organization={IEEE}
}

@article{opencv_library,
  title={OpenCV: Open Source Computer Vision Library},
  author={Bradski, Gary},
  journal={Dr. Dobb's Journal of Software Tools},
  volume={3},
  number={33},
  pages={120--123},
  year={2000},
  publisher={SourceForge}
}

@software{labelstudio,
author = {{Heartex Inc.}},
title = {Label Studio: Data Labeling and Annotation Tool},
version = {2.0.0},
url = {https://labelstud.io/},
year = {2022},
}

@misc{coco,
  author = {{COCO Consortium}},
  title = {COCO: Common Objects in Context},
  year = {2014},
  url = {http://cocodataset.org/},
}

@misc{tensorflow,
  author = {{the Google Brain team}},
  title = {TensorFlow: Large-Scale Machine Learning on Heterogeneous Systems},
  year = {2015},
  url = {https://www.tensorflow.org/},
}

@misc{colab,
  author = {{Google}},
  title = {Google Colaboratory},
  year = {2019},
  url = {https://colab.research.google.com/},
}

@article{ronneberger2015u,
  title={U-Net: Convolutional Networks for Biomedical Image Segmentation},
  author={Ronneberger, Olaf and Fischer, Philipp and Brox, Thomas},
  journal={International Conference on Medical Image Computing and Computer-Assisted Intervention},
  year={2015},
  pages={234--241},
  organization={Springer}
}