    @book {     bogucka84,
author      = "Maria Bogucka",
title       = "Gdańscy ludzie morza w XVI-XVIII w.",
date        = "1984",
publisher   = "Wydawnictwo Morskie",
location    = "Gdańsk",
}

@book {     блануца07,
author      = "Андрiй Блануца",
title       = "Землельнi Володиння Волинцькоï шляхти в другiй половинi XVI см.",
date        = "2007",
publisher   = "Iнститут iсторiï Украïни НАН Украïнии",
location    = "Киïв",
}
